@BOOK{noauthor_2016-ll,
  title     = "Energy efficiency in data centers and clouds",
  abstract  = "Advances in Computers carries on a tradition of excellence,
               presenting detailed coverage of innovations in computer
               hardware, software, theory, design, and applications. The book
               provides contributors with a medium in which they can explore
               their subjects in greater depth and breadth than journal
               articles typically allow. The articles included in this book
               will become standard references, with lasting value in this
               rapidly expanding field. Presents detailed coverage of recent
               innovations in computer hardware, software, theory, design, and
               applications Includes in-depth surveys and tutorials on new
               computer technology pertaining to computing: combinatorial
               testing, constraint-based testing, and black-box testing Written
               by well-known authors and researchers in the field Includes
               extensive bibliographies with most chapters Presents volumes
               devoted to single themes or subfields of computer science",
  publisher = "Academic Press",
  month     =  jan,
  year      =  2016,
  address   = "San Diego, CA",
  language  = "en"
}

@misc{elk-docker-compose-repo,
  author = {Devianthony},
  title = {Docker-ELK},
  year = {2022},
  publisher = {GitHub},
  journal = {GitHub repository},
  howpublished = {\url{https://github.com/deviantony/docker-elk}},
  commit = {3a3cdd7db830fa8038e9cc3274d111b274dbb305}
}

@misc{dataset,
  author = {JUAN SEBASTI√ÅN ROJAS},
  title = {IP Network Traffic Flows Labeled with 75 Apps},
  year = {2018},
  publisher = {Kaggle},
  journal = {Kaggle repository},
  howpublished = {\url{https://www.kaggle.com/datasets/jsrojas/ip-network-traffic-flows-labeled-with-87-apps}}
}

@misc{elastic-stack-docs,
  author = {Elastic},
  title = {Elastic Stack - Documentation},
  year = {2023},
  publisher = {Elastic},
  journal = {Elastic repository},
  howpublished = {\url{https://www.elastic.co/guide/en/elastic-stack/current/index.html}}
}

@misc{elastic-site,
  author = {Elastic},
  title = {Elastic - Site},
  year = {2023},
  publisher = {Elastic},
  journal = {Elastic repository},
  howpublished = {\url{https://www.elastic.co/}}
}

@misc{elastic-beats,
  author = {Elastic},
  title = {Elastic - Beats},
  year = {2023},
  publisher = {Elastic},
  journal = {Elastic repository},
  howpublished = {\url{https://www.elastic.co/beats/}}
}

@misc{elastic-elasticsearch,
  author = {Elastic},
  title = {Elastic - Elasticsearch},
  year = {2023},
  publisher = {Elastic},
  journal = {Elastic repository},
  howpublished = {\url{https://www.elastic.co/elasticsearch/}}
}

@misc{elastic-logstash,
  author = {Elastic},
  title = {Elastic - Logstash},
  year = {2023},
  publisher = {Elastic},
  journal = {Elastic repository},
  howpublished = {\url{https://www.elastic.co/logstash/}}
}

@misc{elastic-kibana,
  author = {Elastic},
  title = {Elastic - Kibana},
  year = {2023},
  publisher = {Elastic},
  journal = {Elastic repository},
  howpublished = {\url{https://www.elastic.co/kibana/}}
}

@misc{apache-lucene,
  author = {Apache},
  title = {Apache - Lucene},
  year = {2022},
  publisher = {Apache},
  journal = {Apache repository},
  howpublished = {\url{https://lucene.apache.org/}}
}

@misc{json,
  author = {ECMA International},
  title = {JSON},
  year = {2022},
  publisher = {ECMA},
  journal = {ECMA repository},
  howpublished = {\url{https://www.ecma-international.org/publications-and-standards/standards/ecma-404/}}
}

@misc{yaml,
  author = {The YAML Project},
  title = {YAML},
  year = {2021},
  publisher = {Github},
  journal = {Github repository},
  howpublished = {\url{https://github.com/yaml/}}
}

@BOOK{Sanders2019-hv,
  title     = "Sequential and parallel algorithms and data structures: The
               basic toolbox",
  author    = "Sanders, Peter and Mehlhorn, Kurt and Dietzfelbinger, Martin and
               Dementiev, Roman",
  publisher = "Springer Nature",
  edition   =  1,
  year      =  2019,
  address   = "Cham, Switzerland"
}

@misc{tokenization,
    title={Anatomy of a Compiler},
    howpublished = {\url{http://www.cs.man.ac.uk/~pjj/farrell/comp3.html}}
}

 @misc{jvm,
     title={Java platform, Standard Edition Java Virtual Machine Guide}, howpublished = {\url{https://docs.oracle.com/javase/9/vm/java-virtual-machine-technology-overview.htm#JSJVM-GUID-982B244A-9B01-479A-8651-CB6475019281}},
     journal={Java Virtual Machine Technology Overview},
     year={2017}, 
     month={Oct}
 } 

@misc{codec,
  title={Codecs},
  howpublished = {\url{https://support.microsoft.com/en-us/windows/codecs-faq-392483a0-b9ac-27c7-0f61-5a7f18d408af}},
  journal={Microsoft Support}
} 

@manual{open-mpi,
    author = {Message Passing Interface Forum},
    title  = {MPI : A Message-Passing Interface Standard Version 4.0},
    howpublished    = {\url{https://www.mpi-forum.org/docs/mpi-4.0/mpi40-report.pdf}},
    year   = {2021},
    month  = {june}
}

@BOOK{map-reduce,
  title     = {MapReduce design patterns},
  author    = {Miner, Donald},
  publisher = {O'Reilly Media},
  month     = {dec},
  year      = {2012},
  address   = {Sebastopol, CA},
  language  = {en},
  isbn= {978-1449327170}
}

@book{hadoop,
    isbn      = {978-1449311520},
    title     = {Hadoop: The Definitive Guide},
    author    = {White, Tom},
    publisher = {O'Reilly Media},
    edition   =  {3},
    month     =  {jun},
    year      =  {2012},
    address   = {Sebastopol, CA},
    language  = {en}
}

@book{spark,
    isbn={978-1491912218},
    title     = "Spark - the definitive guide",
    author    = "Chambers, Bill and Zaharia, Matei",
    publisher = "O'Reilly Media",
    month     =  mar,
    year      =  2018,
    address   = "Sebastopol, CA",
    language  = "en"
}

@techreport{syslog-protocol,
  author = {R. Gerhards},
  title = {The Syslog Protocol},
  howpublished = {Internet Requests for Comments},
  type = {RFC},
  number = {5424},
  year = {2009},
  month = {March},
  issn = {2070-1721},
  publisher = {RFC Editor},
  institution = {RFC Editor},
  url = {http://www.rfc-editor.org/rfc/rfc5424.txt},
  note = {\url{http://www.rfc-editor.org/rfc/rfc5424.txt}},
}

@book{redis,
    isbn="978-1617290855",
    title     = "Redis in Action",
    author    = "Carlson, Josiah L",
    publisher = "Manning Publications",
    month     =  may,
    year      =  2013,
    address   = "New York, NY",
    language  = "en"
}

@misc{graphite,
  author = {Graphite-Project},
  title = {Graphite},
  year = {2022},
  publisher = {GitHub},
  journal = {GitHub repository},
  howpublished = {\url{https://github.com/graphite-project/graphite-web}}
}

@misc{statsd,
  author = {statsd},
  title = {statsd},
  year = {2022},
  publisher = {GitHub},
  journal = {GitHub repository},
  howpublished = {\url{https://github.com/statsd/statsd}}
}

@misc{log4j,
  author = {Apache},
  title = {Logging services},
  year = {2022},
  publisher = {Apache},
  journal = {Apache repository},
  howpublished = {\url{https://logging.apache.org/log4j/2.x/}}
}

@misc{logstash-pipeline-language,
  author = {Elastic},
  title = {Logstash Pipeline language specification},
  year = {2023},
  publisher = {Guthub},
  journal = {Github repository},
  howpublished = {\url{https://github.com/elastic/logstash/blob/main/logstash-core/spec/logstash/java_pipeline_spec.rb}}
}

@misc{onigurama,
  author = {kkos},
  title = {Onigurama ReGex specification},
  year = {2022},
  publisher = {Guthub},
  journal = {Github repository},
  howpublished = {\url{https://github.com/kkos/oniguruma/blob/master/doc/RE}}
}

@misc{tcp-plugin,
  author = {Elastic},
  title = {Logstash TCP input plugin},
  year = {2023},
  publisher = {Elastic},
  journal = {Elastic repository},
  howpublished = {\url{https://www.elastic.co/guide/en/logstash/current/plugins-inputs-tcp.html}}
}

@misc{grok-plugin,
  author = {Elastic},
  title = {Logstash Grok filter plugin},
  year = {2023},
  publisher = {Elastic},
  journal = {Elastic repository},
  howpublished = {\url{https://www.elastic.co/guide/en/logstash/current/plugins-filters-grok.html}}
}

@misc{mutate-plugin,
  author = {Elastic},
  title = {Logstash Mutate filter plugin},
  year = {2023},
  publisher = {Elastic},
  journal = {Elastic repository},
  howpublished = {\url{https://www.elastic.co/guide/en/logstash/current/plugins-filters-mutate.html}}
}

@misc{geoip-plugin,
  author = {Elastic},
  title = {Logstash GeoIP filter plugin},
  year = {2023},
  publisher = {Elastic},
  journal = {Elastic repository},
  howpublished = {\url{https://www.elastic.co/guide/en/logstash/current/plugins-filters-geoip.html}}
}

@misc{http-plugin,
  author = {Elastic},
  title = {Logstash HTTP filter plugin},
  year = {2023},
  publisher = {Elastic},
  journal = {Elastic repository},
  howpublished = {\url{https://www.elastic.co/guide/en/logstash/current/plugins-filters-http.html}}
}

@misc{dns-plugin,
  author = {Elastic},
  title = {Logstash DNS filter plugin},
  year = {2023},
  publisher = {Elastic},
  journal = {Elastic repository},
  howpublished = {\url{https://www.elastic.co/guide/en/logstash/current/plugins-filters-dns.html}}
}

@misc{elasticsearch-plugin,
  author = {Elastic},
  title = {Logstash Elasticsearch output plugin},
  year = {2023},
  publisher = {Elastic},
  journal = {Elastic repository},
  howpublished = {\url{https://www.elastic.co/guide/en/logstash/current/plugins-outputs-elasticsearch.html}}
}

@misc{kql,
  author = {Elastic},
  title = {Kibana Query Language},
  year = {2023},
  publisher = {Elastic},
  journal = {Elastic repository},
  howpublished = {\url{https://www.elastic.co/guide/en/kibana/current/kuery-query.html}}
}

@misc{maxmind-geolite,
  author = {MaxMind},
  title = {MaxMind Geolite API specification},
  year = {2023},
  publisher = {MaxMind},
  journal = {MaxMind},
  howpublished = {\url{https://dev.maxmind.com/minfraud/api-documentation?lang=en}}
}

@misc{docker,
  author = {Docker},
  title = {Docker documentation},
  year = {2023},
  publisher = {Docker},
  journal = {Docker},
  howpublished = {\url{https://docs.docker.com/}}
}

@misc{docker-compose,
  author = {Docker},
  title = {Docker compose documentation},
  year = {2023},
  publisher = {Docker},
  journal = {Docker},
  howpublished = {\url{https://docs.docker.com/compose/}}
}


